

@article{american2010diagnosis,
  title={Diagnosis and classification of diabetes mellitus},
  author={{American Diabetes Association}},
  journal={Diabetes Care},
  volume={33},
  number={Supplement 1},
  pages={S62--S69},
  year={2010},
  publisher={American Diabetes Association},
}

@article{andrews,
  author = {Andrews, D.~W.~K.},
  title = {Higher-Order Improvements of a Computationally Attractive $k$-Step 
  Bootstrap for Extremum Estimators},
  journal = {Econometrica},
  volume = {70:1},
  year = 2002,
  pages = {119--162}
}

@article{buckland,
  author = {Buckland, S.~T. and Burnham, K.~P. and Augustin, N.~H.},
  title = {Model Selection: An Integral Part of Inference},
  journal = {Biometrics},
  volume = {53},
  year = 1997,
  pages = {603--618}
}

@article{burnham,
  author = {Burnham, K.~P. and Anderson, D.~R.},
  title = {Multimodel Inference},
  journal = {Sociological and Methods Research},
  volume = {33},
  year = 2004,
  pages = {261--304}
}

@book{claeskens,
  author = {Claeskens, G. and Hjort, N.~L.},
  title = {Model Selection and Model Averaging},
  year = 2008,
  publisher = {Cambridge University Press, Cambridge}
}

@article{chang2003sieve,
  title={A sieve bootstrap for the test of a unit root},
  author={Chang, Yoosoon and Park, Joon Y},
  journal={Journal of Time Series Analysis},
  volume={24},
  number={4},
  pages={379--400},
  year={2003},
  publisher={Wiley Online Library}
}

@article{chatterjee,
  author = {Chatterjee, S. and Bose, A.},
  title = {Variance Estimation in High Dimensional Models},
  journal = {Statistica Sininica},
  volume = {10},
  year = 2000,
  pages = {497--515}
}

@article{cho2018idf,
  title={{IDF Diabetes Atlas}: Global estimates of diabetes prevalence for 2017 and projections for 2045},
  author={Cho, N.~H. and Shaw, J.~E. and Karuranga, S. and Huang, Y. and da Rocha Fernandes, J.~D. and Ohlrogge, A.~W. and Malanda, B.},
  journal={Diabetes Research and Clinical Practice},
  volume={138},
  pages={271--281},
  year={2018},
  publisher={Elsevier}
}

@article{cook2010,
  author = {Cook, R.~D. and Li, B. and Chiaromonte, F.},
  title = {Envelope models for parsimonious and efficient multivariate 
    linear regression},
  journal = {Statistica Sinica},
  volume = {20},
  year = 2010,
  pages = {927--1010}
}

@article{cook-pls,
  author = {Cook, R.~D. and Helland, I.~S. Su, Z.},
  title = {Envelopes and partial least squares regression},
  journal = {Journal of the Royal Statistical Society: Series B},
  volume = {75},
  year = 2013,
  pages = {851--877}
}

@article{cook-scale,
  author = {Cook, R.~D. and Su, Z.},
  title = {Scaled envelopes: scale-invariant and efficient estimation
    in multivariate linear regression},
  journal = {Biometrika},
  volume = {100},
  year = 2013,
  pages = {939--954}
}

@article{cook-scale-pls,
  author = {Cook, R.~D. and Su, Z.},
  title = {Scaled Predictor Envelopes and Partial Least Squares
    Regression},
  journal = {Technometrics},
  volume = {58},
  year = 2016,
  pages = {155--165}
}

@article{found,
  author = {Cook, R.~D. and Zhang, X.},
  title = {Foundations for Envelope Models and Methods},
  journal = {Journal of the American Statistical Association},
  volume = {110},
  number = {510},
  pages = {599-611},
  year  = 2015
}

@article{algo,
  author = {Cook, R.~D. and Zhang, X.},
  title = {Algorithms for Envelope Estimation},
  journal = {Journal of Computational and Graphical Statistics},
  volume = {25},
  number = {1},
  pages = {284-300},
  year  = 2016,
  doi = {10.1080/10618600.2015.1029577}
}

@article{fast-algo,
  author = {Cook, R.~D. and Forzani, L. and Su, Z.},
  title = {A Note on Fast Envelope Estimation},
  journal = {Journal of Multivariate Analysis}, 
  volume = {150},
  year = 2016,
  pages = {42--54}
}

@article{cook2018fast,
  title={Fast envelope algorithms},
  author={Cook, R.~D. and Zhang, X.},
  journal={Statistica Sinica},
  volume={28},
  number={3},
  pages={1179--1197},
  year={2018}
}

@article{ding2018matrix,
  title={Matrix variate regressions and envelope models},
  author={Ding, S. and Cook, R.~D.},
  journal={Journal of the Royal Statistical Society: Series B},
  volume={80},
  number={2},
  pages={387--408},
  year={2018},
}

@article{ding2018matrixsupplement,
  title={Supplement: Proofs, Technical Details and additional results for ``Matrix-variate regressions and envelope models''},
  author={Ding, S. and Cook, R.~D.},
  journal={Journal of the Royal Statistical Society: Series B},
  volume={80},
  number={2},
  pages={387--408},
  year={2018},
}

@article{eck2017weighted,
  author = {Eck, D. J. and Cook, R.~D.},
  title = {Weighted envelope estimation to handle variability in model selection},
  journal = {Biometrika},
  volume = {104},
  number = {3},
  pages = {743--749},
  year = 2017
}

@article{eck2018bootstrapping, 
  author = {Eck, D.~J.},
  title = {Bootstrapping for multivariate linear regression models}, 
  journal = {Statistics and Probability Letters}, 
  volume = {134}, 
  year = {2018},
  pages = {141--149}
}

@article{eck2020aster,
  author = {Eck, D.~J. and Geyer, C.~J. and Cook, R.~D.},
  title = {Combining Envelope Methodology and Aster Models for Variance Reduction in Life History Analyses},
  year = {2020},
  journal = {Journal of Statistical Planning and Inference},
  number = {205},
  pages = {283--292}
}

@article{eck2021computationally,
  author = {Eck, D.~J. and Geyer, C.~J.},
  title = {Computationally efficient likelihood inference in exponential families when the maximum likelihood estimator does not exist},
  year = 2021,
  journal = {Electronic Journal of Statistics},
  volume = 15,
  issue = 1,
  pages = {2105--2156}
}

@article{eck2018supporting, 
  author = {Eck, D. J. and Geyer, C. J. and Cook, R. D.},
  title = {Supporting Data Analysis for "Combining Envelope Methodology and Aster Models for Variance Reduction in Life History Analyses"},
  year = {2018},
  note = {http://hdl.handle.net/11299/178384.1}
}

@article{efron,
  author = {Efron, B.},
  title = {Estimation and Accuracy After Model Selection},
  journal = {Journal of the American Statistical Association},
  volume = {109:507},
  year = 2014,
  pages = {991--1007}
}

@article{geyer2007aster,
  author = {Geyer, C.~J. and Wagenius, S. and Shaw, R.~G.},
  title = {Aster models for life history analysis},
  journal = {Biometrika},
  volume = {94},
  year = 2007,
  pages = {415--426}
}

@article{heikes2008diabetes,
  title={Diabetes Risk Calculator: a simple tool for detecting undiagnosed diabetes and pre-diabetes},
  author={Heikes, Kenneth E and Eddy, David M and Arondekar, Bhakti and Schlessinger, Leonard},
  journal={Diabetes care},
  volume={31},
  number={5},
  pages={1040--1045},
  year={2008},
  publisher={American Diabetes Association}
}

@article{hjort,
  author = {Hjort, N.~L. and Claeskens, G.},
  title = {Frequentist Model Average Estimators},
  journal = {Journal of the American Statistical Association},
  volume = {98:464},
  year = 2003,
  pages = {879--899}
}

@article{li2017parsimonious,
  title={Parsimonious tensor response regression},
  author={Li, Lexin and Zhang, Xin},
  journal={Journal of the American Statistical Association},
  volume={112},
  number={519},
  pages={1131--1146},
  year={2017}
}

@article{li2018should,
  title={“Should This Loan be Approved or Denied?”: A Large Dataset with Class Assignment Guidelines},
  author={Li, Min and Mickel, Amy and Taylor, Stanley},
  journal={Journal of Statistics Education},
  volume={26},
  number={1},
  pages={55--66},
  year={2018},
  publisher={Taylor \& Francis}
}

@article{raftery1995weights,
  author = {Raftery, A.~E.},
  journal = {Sociological Methodology},
  pages = {111--163},
  publisher = {[American Sociological Association, Wiley, Sage Publications, Inc.]},
  title = {Bayesian Model Selection in Social Research},
  volume = {25},
  year = {1995}
}

@article{shaw2008aster,
  author = {Shaw, R.~G. and Geyer, C.~J. and Wagenius, S. and Hangelbroek, H. and Etterson, J.~R.},
  title = {Unifying life-history analyses for inference of fitness 
    and population growth},
  journal = {American Naturalist},
  volume = {172},
  year = 2008,
  pages = {E35--E47}
}

@article{stefanski2002M,
  author = {Stefanski, L.~A. and Boos, Dennis D.},
  title = {The Calculus of M-Estimation},
  journal = {American Statistician},
  volume = {56},
  year = 2002,
  pages = {29--38}
}

@article{su,
  author = {Su, Z. and Cook, R.~D.},
  title = {Partial envelopes for efficient estimation in multivariate 
    linear regression},
  journal = {Biometrika},
  volume = {98},
  year = 2011,
  pages = {133--146}
}

@misc{su-group,
  author = {Park, Y. and Su, Z. and Zhu, H.},
  title = {Groupwise Envelope Models for Imaging Genetic Analysis},
  journal = {Biometrics},
  year = 2017,
  howpublished = "\url{doi:10.1111/biom.12689}"
}

@article{su-inner,
  author = {Su, Z. and Cook, R.~D.},
  title = {Inner envelopes: efficient estimation in multivariate
    linear regression},
  journal = {Biometrika},
  volume = {99},
  year = 2012,
  pages = {687--702}
}

@article{su2016sparse,
  author = {Su, Z. and Zhu, G. and Chen, X. and Yang, Y.},
  title = {Sparse Envelope Model: Efficient Estimation and Response 
    Variable Selection in Multivariate Linear Regression},
  journal = {Biometrika},
  volume = {103},
  year = 2016,
  pages = {579--593}
}

@article{tsague,
  author = {Tsague, G.~N.},
  title = {On Optimal Weighting Scheme in Model Averaging},
  journal = {American Journal of Applied Mathematics and Statistics},
  volume = {2(3)},
  year = 2014,
  pages = {150--156}
}

@article{willems1997prevalence,
  title={Prevalence of coronary heart disease risk factors among rural blacks: a community-based study},
  author={Willems, J.~P. and Saunders, J.~T. and Hunt, D.~E. and Schorling, J.~B.},
  journal={Southern Medical Journal},
  volume={90},
  number={8},
  pages={814--820},
  year={1997}
}

@article{yau2019hypothesis,
  title = {A note on hypothesis testing in the envelope model},
  author = {Yau, Tat S. and Volaufova, J.},
  year = {2019},
  journal ={Communications in Statistics}, 
  note = {DOI: 10.1080/03610918.2019.1672737}
}

@article{zhang2017tensor,
  title={Tensor envelope partial least-squares regression},
  author={Zhang, Xin and Li, Lexin},
  journal={Technometrics},
  volume={59},
  number={4},
  pages={426--436},
  year={2017},
  publisher={Taylor \& Francis}
}

@article{zhangmai,
  author = {Zhang, X. and Mai, Q.},
  title = {Model-free Envelope Dimension Selection},
  journal = {Electronic Journal of Statistics},
  volume = {12},
  year = 2018,
  pages = {2193--2216}
}

@article{zhang2020envelopes, 
  title = {Envelopes in Multivariate Regression Models with Nonlinearity and Heteroscedasticity}, 
  author = {Zhang, X. and Lee, C.~E. and Shao, X.}, 
  year = {2020},
  journal = {Biometrika}, 
  note = {In Press}
}

@article{zeng2020TRES,
  title = {TRES: An R Package for Tensor Regression and Envelope Algorithms}, 
  author = {Zeng, J. and Wang, W., and Zhang, Z.},
  journal = {Journal of Statistical Software},
  year = {2020},
  notes = {In print}
}

@book{cook2018introduction,
  title={An introduction to envelopes: dimension reduction for efficient estimation in multivariate statistics},
  author={Cook, R.~D.},
  volume={401},
  year={2018},
  publisher={John Wiley \& Sons}
}

@book{faraway2016extending,
  title={Extending the Linear Model With R: Generalized Linear, Mixed Effects and Nonparametric Regression Models},
  author={Faraway, Julian J},
  year={2016},
  publisher={Chapman and Hall/CRC}
}

@Manual{faraway2016R,
     TITLE = {faraway: Functions and Datasets for Books by Julian Faraway},
    AUTHOR = {Faraway, Julian},
      YEAR = {2016},
      NOTE = "\url{https://cran.r-project.org/web/packages/faraway/index.html}"
}

@Manual{lee2019Renvlp,
     TITLE = {Renvlp: Computing Envelope Estimators},
    AUTHOR = {Lee, M. and Su, Z.},
      YEAR = {2019},
      NOTE = "\url{http://cran.radicaldevelop.com/web/packages/Renvlp/Renvlp.pdf}"
}

@techreport{world2011use,
  title={Use of glycated haemoglobin ({HbA1c}) in diagnosis of diabetes mellitus: abbreviated report of a {WHO} consultation},
  author={{World Health Organization}},
  year={2011},
  institution={Geneva: World Health Organization}
}

@Manual{zeng2019TRES,
     TITLE = {TRES: Tensor Regression with Envelope Structure and Three Generic Envelope Estimation Approaches},
    AUTHOR = {Wang, W. and Zeng, J. and Zhang, X.},
      YEAR = {2019},
      NOTE = "\url{https://cran.r-project.org/web/packages/TRES/index.html}"
}

@Manual{geyer2016glmdr, 
     TITLE = {glmdr: Exponential Family Generalized Linear Models Done Right},
    AUTHOR = {Geyer, C.~J. and Eck, D.~J.},
      YEAR = {2016},
      NOTE = "\url{https://github.com/cjgeyer/glmdr}"
}




